<record><leader>00000cas a2200000 a 4500</leader><controlfield tag="001">26845530</controlfield><controlfield tag="008">921023d18571859iludn ne      0   a0eng c</controlfield><datafield ind1=" " ind2=" " tag="010"><subfield code="a">sn 92053929 </subfield></datafield><datafield ind1=" " ind2=" " tag="040"><subfield code="a">NVF</subfield><subfield code="b">eng</subfield><subfield code="c">NVF</subfield><subfield code="d">OCL</subfield><subfield code="d">NVF</subfield><subfield code="d">OCLCQ</subfield><subfield code="d">NVF</subfield><subfield code="d">DLC</subfield><subfield code="d">OCLCF</subfield><subfield code="d">OCLCO</subfield></datafield><datafield ind1="1" ind2=" " tag="029"><subfield code="a">AU@</subfield><subfield code="b">000020228838</subfield></datafield><datafield ind1=" " ind2=" " tag="042"><subfield code="a">pcc</subfield></datafield><datafield ind1=" " ind2=" " tag="043"><subfield code="a">n-us-il</subfield></datafield><datafield ind1="0" ind2="0" tag="245"><subfield code="a">Daily Islander and Argus.</subfield></datafield><datafield ind1="1" ind2="0" tag="246"><subfield code="a">Islander and Argus</subfield></datafield><datafield ind1=" " ind2=" " tag="260"><subfield code="a">Rock Island, Ill :</subfield><subfield code="b">Connelly, Shurly &amp; Co.,</subfield><subfield code="c">1857-1859.</subfield></datafield><datafield ind1="2" ind2=" " tag="260"><subfield code="3">Sept. 17-25, 1858</subfield><subfield code="a">Rock Island, Ill :</subfield><subfield code="b">Pershing &amp; Connelly</subfield></datafield><datafield ind1="3" ind2=" " tag="260"><subfield code="3">Sept. 26-&lt;Dec. 11, 1858&gt;</subfield><subfield code="a">Rock Island, Ill :</subfield><subfield code="b">H.C. Connelly &amp; Co.</subfield></datafield><datafield ind1=" " ind2=" " tag="300"><subfield code="a">v.</subfield></datafield><datafield ind1=" " ind2=" " tag="310"><subfield code="a">Six issues weekly</subfield></datafield><datafield ind1="0" ind2=" " tag="362"><subfield code="a">Vol. 4, no. 78 (Oct. 1, 1857)-v. 6, no. 285 (July 17, 1859).</subfield></datafield><datafield ind1=" " ind2=" " tag="515"><subfield code="a">Various date irregularities.</subfield></datafield><datafield ind1=" " ind2=" " tag="580"><subfield code="a">Formed by the union of: Rock Islander (Rock Island, Ill. : 1855) and: Rock Island morning Argus.</subfield></datafield><datafield ind1=" " ind2="0" tag="651"><subfield code="a">Rock Island (Ill.)</subfield><subfield code="v">Newspapers.</subfield></datafield><datafield ind1=" " ind2="7" tag="655"><subfield code="a">Newspapers.</subfield><subfield code="2">fast</subfield><subfield code="0">(OCoLC)fst01423814</subfield></datafield><datafield ind1=" " ind2="7" tag="651"><subfield code="a">Illinois</subfield><subfield code="z">Rock Island.</subfield><subfield code="2">fast</subfield><subfield code="0">(OCoLC)fst01206059</subfield></datafield><datafield ind1=" " ind2=" " tag="752"><subfield code="a">United States</subfield><subfield code="b">Illinois</subfield><subfield code="c">Rock Island</subfield><subfield code="d">Rock Island.</subfield></datafield><datafield ind1="0" ind2=" " tag="775"><subfield code="t">Rock Island weekly Argus</subfield><subfield code="w">(DLC)sn 82014558</subfield><subfield code="w">(OCoLC)8792289</subfield></datafield><datafield ind1="1" ind2="4" tag="780"><subfield code="t">Rock Islander (Rock Island, Ill. : 1855)</subfield><subfield code="w">(DLC)sn 92053927</subfield><subfield code="w">(OCoLC)26832943</subfield></datafield><datafield ind1="1" ind2="4" tag="780"><subfield code="t">Rock Island morning Argus</subfield><subfield code="w">(DLC)sn 92053928</subfield><subfield code="w">(OCoLC)26845432</subfield></datafield><datafield ind1="0" ind2="0" tag="785"><subfield code="t">Islander and Argus</subfield><subfield code="w">(DLC)sn 92053937</subfield><subfield code="w">(OCoLC)26845690</subfield></datafield></record>